


@inproceedings{anderson2021sim,
  title={Sim-to-real transfer for vision-and-language navigation},
  author={Anderson, P. and Shrivastava, A. and Truong, J. and Majumdar, A. and Parikh, D. and Batra, D. and others},
  booktitle={Conference on Robot Learning},
  pages={671--681},
  year={2021}
}
@incollection{sorton2005simulated,
  title={Simulated flight testing of an autonomous unmanned aerial vehicle using flightgear},
  author={Sorton, Eric and Hammaker, Sonny},
  booktitle={Infotech@ Aerospace},
  pages={7083},
  year={2005}
}
@article{connolly2021realistic,
  title={Realistic simulation of robotic grasping tasks: Review and application},
  author={Connolly, Matthew and Ramasubramanian, Aswin K and Kelly, Matthew and McEvoy, Jack and Papakostas, Nikolaos},
  journal={Procedia CIRP},
  volume={104},
  pages={1704--1709},
  year={2021},
  publisher={Elsevier}
}
@misc{unrealengine_lidar_plugin,
  author = {{Epic Games}},
  title = {LiDAR Point Cloud Plugin for Unreal Engine},
  year = {2023},
  howpublished = {\url{https://docs.unrealengine.com/5.0/en-US/lidar-point-cloud-plugin-for-unreal-engine/}},
  note = {Accessed: 2024-01-22}
}

@article{Acosta2021Validating,
title={Validating Robotics Simulators on Real-World Impacts},
author={Brian Acosta and William Yang and Michael Posa},
journal={IEEE Robotics and Automation Letters},
year={2021},
volume={7},
pages={6471-6478},
doi={10.1109/lra.2022.3174367}
}

@inproceedings{nakaoka2012choreonoid,
  title={Choreonoid: Extensible virtual robot environment built on an integrated GUI framework},
  author={Nakaoka, Shin'ichiro},
  booktitle={2012 IEEE/SICE International Symposium on System Integration (SII)},
  pages={79--85},
  year={2012},
  organization={IEEE}
}
@inproceedings{koenig2004design,
  title={Design and use paradigms for gazebo, an open-source multi-robot simulator},
  author={Koenig, Nathan and Howard, Andrew},
  booktitle={2004 IEEE/RSJ international conference on intelligent robots and systems (IROS)(IEEE Cat. No. 04CH37566)},
  volume={3},
  pages={2149--2154},
  year={2004},
  organization={IEEE}
}
@inproceedings{shah2018airsim,
  title={Airsim: High-fidelity visual and physical simulation for autonomous vehicles},
  author={Shah, Shital and Dey, Debadeepta and Lovett, Chris and Kapoor, Ashish},
  booktitle={Field and Service Robotics: Results of the 11th International Conference},
  pages={621--635},
  year={2018},
  organization={Springer}
}
@article{Miglino1995Evolving,
title={Evolving Mobile Robots in Simulated and Real Environments},
author={O. Miglino and H. Lund and S. Nolfi},
journal={Artificial Life},
year={1995},
volume={2},
pages={417-434},
doi={10.1162/artl.1995.2.4.417}
}

@article{collins2021review,
  title={A review of physics simulators for robotic applications},
  author={Collins, Jack and Chand, Shelvin and Vanderkop, Anthony and Howard, David},
  journal={IEEE Access},
  volume={9},
  pages={51416--51431},
  year={2021},
  publisher={IEEE}
}
@article{yuan2021presim,
  title={PreSim: A 3D Photo-Realistic Environment Simulator for Visual AI},
  author={Yuan, H. and Veltkamp, R. C.},
  journal={IEEE Robotics and Automation Letters},
  volume={6},
  number={2},
  pages={2501--2508},
  year={2021},
  publisher={IEEE},
  doi={10.1109/LRA.2021.3061994}
}

@article{salvini2021safety,
  title={Safety concerns emerging from robots navigating in crowded pedestrian areas},
  author={Salvini, P. and Paez-Granados, D. and Billard, A.},
  journal={International Journal of Social Robotics},
  volume={14},
  number={2},
  pages={441--462},
  year={2021},
  publisher={Springer},
  doi={10.1007/s12369-021-00796-4}
}

@book{tzafestas2013mobile,
  title={Introduction to Mobile Robot Control},
  author={Tzafestas, S. G.},
  year={2013},
  publisher={Elsevier},
  address={London}
}
@article{Liu2017Design,
title={Design and Realization of Simulation System Combined With Virtual Reality of Tool Controller Mechanism for Machining Center Based on Irai Software},
author={M. Liu and Wei Zhao and Kuan Wang and YongLin Chen and Chen-Yang Wei},
year={2017},
doi={10.2991/MME-16.2017.87}
}
@book{slater2002computer,
  title={Computer graphics and virtual environments: from realism to real-time},
  author={Slater, Mel and Steed, Anthony and Chrysanthou, Yiorgos},
  year={2002},
  publisher={Pearson Education}
}
@inproceedings{byravan2023nerf2real,
  title={NeRF2Real: Sim2real Transfer of Vision-guided Bipedal Motion Skills using Neural Radiance Fields},
  author={Byravan, A. and others},
  booktitle={2023 IEEE International Conference on Robotics and Automation (ICRA)},
  pages={9362--9369},
  year={2023},
  organization={IEEE},
  address={London, United Kingdom},
  doi={10.1109/ICRA48891.2023.10161544}
}

@misc{chang2017matterport3d,
  title={Matterport3d: Learning from rgb-d data in indoor environments},
  author={Chang, A. and Dai, A. and Funkhouser, T. and Halber, M. and Niessner, M. and Savva, M. and others},
  year={2017},
  note={arXiv preprint}
}

@inproceedings{xia2018gibson,
  title={Gibson env: Real-world perception for embodied agents},
  author={Xia, F. and Zamir, A. R. and He, Z. and Sax, A. and Malik, J. and Savarese, S.},
  booktitle={Proceedings of the IEEE conference on computer vision and pattern recognition},
  pages={9068--9079},
  year={2018}
}

@misc{straub2019replica,
  title={The replica dataset: A digital replica of indoor spaces},
  author={Straub, J. and Whelan, T. and Ma, L. and Chen, Y. and Wijmans, E. and Green, S. and Engel, J. J. and Mur-Artal, R. and Ren, C. and Verma, S. and others},
  year={2019},
  note={arXiv preprint}
}

@article{szot2021habitat,
  title={Habitat 2. 0: Training home assistants to rearrange their habitat},
  author={Szot, A. and Clegg, A. and Undersander, E. and Wijmans, E. and Zhao, Y. and Turner, J. and Maestre, N. and Mukadam, M. and Chaplot, D. S. and Maksymets, O. and others},
  journal={Advances in Neural Information Processing Systems},
  volume={34},
  pages={251--266},
  year={2021}
}

@misc{luma2023unreal,
  title={Luma Unreal Engine Plugin},
  howpublished={\url{https://docs.lumalabs.ai/9DdnisfQaLN1sn}},
  note={Accessed: September 15, 2023},
  year={2023}
}
@article{ros2,
  title={ROS 2},
  author={Open Source Robotics Foundation},
  journal={GitHub},
  url={https://github.com/ros2},
  year={2024},
  doi={10.1126/scirobotics.abm6074}
}
@article{ge2021yolox,
  title={Yolox: Exceeding yolo series in 2021},
  author={Ge, Zheng and Liu, Songtao and Wang, Feng and Li, Zeming and Sun, Jian},
  journal={arXiv preprint arXiv:2107.08430},
  year={2021}
}
@inproceedings{mildenhall2020nerf,
  title={NeRF: Representing scenes as neural radiance fields for view synthesis},
  author={Mildenhall, B. and Srinivasan, P.P. and Tancik, M. and Barron, J.T. and Ramamoorthi, R. and Ng, R.},
  booktitle={Proc. Euro. Conf. Comput. Vis.},
  pages={99--106},
  year={2020}
}

@misc{unreal2023engine,
  title={Unreal Engine 5},
  howpublished={\url{https://www.unrealengine.com/}},
  note={Accessed: September 15, 2023},
  year={2023}
}
@misc{unity2023,
  title={Unity},
  howpublished={\url{https://unity.com/ja}},
  note={Accessed: September 15, 2023},
  year={2023}
}
@misc{lumaai,
  title={Luma AI},
  howpublished={\url{https://lumalabs.ai/}},
  note={Accessed: September 15, 2023},
  year={2023}
}

@misc{unrealengine4,
  title={Unreal Engine 4},
  howpublished={\url{https://docs.unrealengine.com/4.27/ja/Basics/GettingStarted/}},
  note={Accessed: September 15, 2023},
  year={2023}
}
@inproceedings{lin2021inerf,
  title={inerf: Inverting neural radiance fields for pose estimation},
  author={Lin, L. Yen-Chen and Florence, P. and Barron, J. T. and Rodriguez, A. and Isola, P. and Lin, T.-Y.},
  booktitle={2021 IEEE/RSJ International Conference on Intelligent Robots and Systems (IROS)},
  pages={1323--1330},
  year={2021},
  organization={IEEE}
}

@misc{lin2022nerf-supervision,
  title={Nerf-supervision: Learning dense object descriptors from neural radiance fields},
  author={Lin, L. Yen-Chen and Florence, P. and Barron, J. T. and Lin, T.-Y. and Rodriguez, A. and Isola, P.},
  year={2022},
  note={arXiv preprint arXiv:2203.01913}
}

@misc{ichnowski2021dex-nerf,
  title={Dex-nerf: Using a neural radiance field to grasp transparent objects},
  author={Ichnowski, J. and Avigal, Y. and Kerr, J. and Goldberg, K.},
  year={2021},
  note={arXiv preprint arXiv:2110.14217}
}

@misc{driess2022learning,
  title={Learning multi-object dynamics with compositional neural radiance fields},
  author={Driess, D. and Huang, Z. and Li, Y. and Tedrake, R. and Toussaint, M.},
  year={2022},
  note={arXiv preprint arXiv:2202.11855}
}

@article{adamkiewicz2022vision,
  title={Vision-only robot navigation in a neural radiance world},
  author={Adamkiewicz, M. and Chen, T. and Caccavale, A. and Gardner, R. and Culbertson, P. and Bohg, J. and Schwager, M.},
  journal={IEEE Robotics and Automation Letters},
  volume={7},
  number={2},
  pages={4606--4613},
  year={2022},
  publisher={IEEE}
}

@inproceedings{young2020unreal,
  title={Unreal as a simulation environment for offroad autonomy},
  author={Young, P. and Kysar, S. and Bos, J. P.},
  booktitle={Autonomous Systems: Sensors, Processing, and Security for Vehicles and Infrastructure 2020},
  year={2020},
  organization={SPIE},
  doi={10.1117/12.2559006}
}

@article{martinez-gonzalez2019unrealrox,
  title={UnrealROX: An extremely photorealistic virtual reality environment for robotics simulations and synthetic data generation},
  author={Martinez-Gonzalez, P. and others},
  journal={Virtual Reality},
  volume={24},
  number={2},
  pages={271--288},
  year={2019},
  publisher={Springer},
  doi={10.1007/s10055-019-00399-5}
}

@inproceedings{pollok2019unrealgt,
  title={UnrealGT: Using unreal engine to generate ground truth datasets},
  author={Pollok, T. and Junglas, L. and Ruf, B. and Schumann, A.},
  booktitle={Advances in Visual Computing},
  pages={670--682},
  year={2019},
  publisher={Springer},
  doi={10.1007/978-3-030-33720-9_52}
}

@misc{rapyuta2023rclue,
  title={Rapyuta-Robotics/rclue},
  howpublished={\url{https://github.com/rapyuta-robotics/rclUE}},
  note={Accessed Dec. 17, 2023},
  year={2023}
}
